@article{reledmac,
  	Author = {Rouquette, Maïeul and Wilson, Peter R.},
    Day = {21},
  	Month = {May},
  	Year = {2018},
  	Publisher = {CTAN},
  	Title = {Reledmac: Typeset scholarly editions with LaTeX},
    Url = {https://www.ctan.org/pkg/reledmac},
    }

@misc{zenodo,
  author       = {Michael Stenskjær Christensen},
  title        = {{stenskjaer/samewords: Word disambiguation in critical text editions}},
  month        = jul,
  year         = 2018,
  doi          = {10.5281/zenodo.1306293},
  url          = {https://doi.org/10.5281/zenodo.1306293}
}